% @Misc{CHINOSAUR:venue,
%   author =       {@\_CHINOSAUR},
%   key =          {_CHINOSAUR},
%   howpublished = {Tweet},
%   title =        {VENUE IS TOO COLD. \#BINGO \#CHI2016},
%   month =        {May},
%   day =          1,
%   year =         2015,
%   note =         {Retrieved Febuary 2, 2014 from
%                   \url{https://twitter.com/_CHINOSAUR/status/461864317415989248}},
%   annote =       {Tweet}
% }

% @inproceedings{Klemmer:2002:WSC:503376.503378,
%   author =       {Klemmer, Scott R. and Thomsen, Michael and
%                   Phelps-Goodman, Ethan and Lee, Robert and Landay,
%                   James A.},
%   title =        {Where Do Web Sites Come from?: Capturing and
%                   Interacting with Design History},
%   booktitle =    {Proceedings of the SIGCHI Conference on Human
%                   Factors in Computing Systems},
%   series =       {CHI '02},
%   year =         2002,
%   isbn =         {1-58113-453-3},
%   location =     {Minneapolis, Minnesota, USA},
%   pages =        {1--8},
%   url =          {http://doi.acm.org/10.1145/503376.503378},
%   doi =          {10.1145/503376.503378},
%   acmid =        503378,
%   publisher =    {ACM},
%   address =      {New York, NY, USA},
%   keywords =     {CSCW, activity capture, design rationale, history
%                   management, informal interfaces, sketching, tangible
%                   UI, web design},
% }

% @inproceedings{Mather:2000:MUT,
%   title =        {Making up titles for conference papers},
%   author =       {Mather, B. D.},
%   booktitle =    {Ext. Abstracts CHI 2000},
%   year =         2000,
%   publisher =    "ACM Press",
%   pages =        "1-2",
% }

% @book{Schwartz:1995:GBF,
%   title =        {Guidelines for Bias-Free Writing},
%   author =       {Marilyn Schwartz},
%   address =      {Bloomington, IN, USA},
%   year =         1995,
%   publisher =    {ERIC}
% }

% @inproceedings{Zellweger:2001:FAO:504216.504224,
%   author =       {Zellweger, Polle T. and Bouvin, Niels Olof and
%                   Jeh{\o}j, Henning and Mackinlay, Jock D.},
%   title =        {Fluid annotations in an open world},
%   booktitle =    {Proc. Hypertext 2001},
%   year =         2001,
%   pages =        {9--18},
%   publisher =    {ACM Press},
% }

% @misc{acm_categories,
%   key =          "ACM",
%   author =       {ACM},
%   title =        {How to Classify Works Using ACM's Computing
%                   Classification System},
%   year =         1998,
%   note =         {\url{http://www.acm.org/class/how_to_use.html}},
% }

% @Misc{cavender:writing,
%   author =       {Anna Cavender and Shari Trewin and Vicki Hanson},
%   title =        {Accessible Writing Guide},
%   year =         2014,
%   day =          22,
%   note =
%                   {\url{http://www.sigaccess.org/welcome-to-sigaccess/resources/accessible-writing-guide/}},
%   annote =       {URL}
% }

% @article{ethics,
%   title =        {{Social Impacts of Computing: Codes of Professional
%                   Ethics}},
%   author =       {Ronald E. Anderson},
%   doi =          "10.1177/089443939201000402",
%   journal =      "Social Science Computer Review December",
%   year =         1992,
%   volume =       10,
%   number =       4,
%   pages =        "453-469"
% }

% @Misc{heilig:sensorama,
%   author =       {Morton L. Heilig},
%   title =        {Sensorama Simulator},
%   howpublished = {U.S. Patent 3,050,870},
%   month =        {August},
%   day =          28,
%   year =         1962,
%   note =         {Filed Februrary 22, 1962.},
%   annote =       {is this right?}
% },

% @article{kaye:puc,
%   year =         2014,
%   issn =         {1617-4909},
%   journal =      {Personal and Ubiquitous Computing},
%   volume =       18,
%   number =       4,
%   doi =          {10.1007/s00779-014-0773-4},
%   title =        {Special issue on science fiction and ubiquitous
%                   computing},
%   url =          {http://dx.doi.org/10.1007/s00779-014-0773-4},
%   publisher =    {Springer London},
%   author =       {Kaye, Jofish and Dourish, Paul},
%   pages =        {765-766},
%   language =     {English}
% }

% @Misc{psy:gangnam,
%   author =       {Psy},
%   title =        {Gangnam Style},
%   howpublished = {Video},
%   month =        {July},
%   day =          15,
%   year =         2012,
%   note =         {Retrieved August 22, 2014 from
%                   \url{https://www.youtube.com/watch?v=9bZkp7q19f0}},
%   annote =       {Video URL}
% }



% @InBook{winner:politics,
%   author =       {Langdon Winner},
%   title =        {The Social Shaping of Technology},
%   chapter =      {Do artifacts have politics?},
%   publisher =    {Open University Press},
%   year =         1999,
%   address =      {UK},
%   edition =      {2nd},
%   pages =        {28--40},
% }

% @incollection{ abc,
%     year={2014},
%     isbn={978-3-319-07463-4},
%     booktitle={Virtual, Augmented and Mixed Reality. Applications of Virtual and Augmented Reality},
%     volume={8526},
%     series={Lecture Notes in Computer Science},
%     editor={Shumaker, Randall and Lackey, Stephanie},
%     doi={10.1007/978-3-319-07464-1_7},
%     title={Visible Breadboard: System for Dynamic, Programmable, and Tangible Circuit Prototyping with Visible Electricity},
%     url={http://dx.doi.org/10.1007/978-3-319-07464-1_7},
%     publisher={Springer International Publishing},
%     keywords={Rapid Prototyping; Physical Computing; HCI},
%     author={Ochiai, Yoichi},
%     pages={73-84},
%     language={English}
% }

@inproceedings{zoomboard,
 author = {Oney, Stephen and Harrison, Chris and Ogan, Amy and Wiese, Jason},
 title = {ZoomBoard: A Diminutive Qwerty Soft Keyboard Using Iterative Zooming for Ultra-small Devices},
 booktitle = {Proceedings of the SIGCHI Conference on Human Factors in Computing Systems},
 series = {CHI '13},
 year = {2013},
 isbn = {978-1-4503-1899-0},
 location = {Paris, France},
 pages = {2799--2802},
 numpages = {4},
 %url = {http://doi.acm.org/10.1145/2470654.2481387},
 doi = {10.1145/2470654.2481387},
 acmid = {2481387},
 publisher = {ACM},
 address = {New York, NY, USA},
 keywords = {fat finger, handheld device, interaction technique, mobile input, text entry, zooming user interfaces},
} 

@inproceedings{swipeboard,
 author = {Chen, Xiang 'Anthony' and Grossman, Tovi and Fitzmaurice, George},
 title = {Swipeboard: A Text Entry Technique for Ultra-small Interfaces That Supports Novice to Expert Transitions},
 booktitle = {Proceedings of the 27th Annual ACM Symposium on User Interface Software and Technology},
 series = {UIST '14},
 year = {2014},
 isbn = {978-1-4503-3069-5},
 location = {Honolulu, Hawaii, USA},
 pages = {615--620},
 numpages = {6},
 %url = {http://doi.acm.org/10.1145/2642918.2647354},
 doi = {10.1145/2642918.2647354},
 acmid = {2647354},
 publisher = {ACM},
 address = {New York, NY, USA},
 keywords = {input technique, mobile device, swipeboard, text entry},
} 

@inproceedings{splitboard,
 author = {Hong, Jonggi and Heo, Seongkook and Isokoski, Poika and Lee, Geehyuk},
 title = {SplitBoard: A Simple Split Soft Keyboard for Wristwatch-sized Touch Screens},
 booktitle = {Proceedings of the 33rd Annual ACM Conference on Human Factors in Computing Systems},
 series = {CHI '15},
 year = {2015},
 isbn = {978-1-4503-3145-6},
 location = {Seoul, Republic of Korea},
 pages = {1233--1236},
 numpages = {4},
 %url = {http://doi.acm.org/10.1145/2702123.2702273},
 doi = {10.1145/2702123.2702273},
 acmid = {2702273},
 publisher = {ACM},
 address = {New York, NY, USA},
 keywords = {smartwatch, soft keyboard, splitboard, text entry},
} 


@inproceedings{text-entry-on-small-qwerty,
 author = {Leiva, Luis A. and Sahami, Alireza and Catala, Alejandro and Henze, Niels and Schmidt, Albrecht},
 title = {Text Entry on Tiny QWERTY Soft Keyboards},
 booktitle = {Proceedings of the 33rd Annual ACM Conference on Human Factors in Computing Systems},
 series = {CHI '15},
 year = {2015},
 isbn = {978-1-4503-3145-6},
 location = {Seoul, Republic of Korea},
 pages = {669--678},
 numpages = {10},
 %url = {http://doi.acm.org/10.1145/2702123.2702388},
 doi = {10.1145/2702123.2702388},
 acmid = {2702388},
 publisher = {ACM},
 address = {New York, NY, USA},
 keywords = {qwerty, small devices, small screens, text entry},
} 

@inproceedings{edgewrite,
 author = {Wobbrock, Jacob O. and Myers, Brad A. and Kembel, John A.},
 title = {EdgeWrite: A Stylus-based Text Entry Method Designed for High Accuracy and Stability of Motion},
 booktitle = {Proceedings of the 16th Annual ACM Symposium on User Interface Software and Technology},
 series = {UIST '03},
 year = {2003},
 isbn = {1-58113-636-6},
 location = {Vancouver, Canada},
 pages = {61--70},
 numpages = {10},
 %url = {http://doi.acm.org/10.1145/964696.964703},
 doi = {10.1145/964696.964703},
 acmid = {964703},
 publisher = {ACM},
 address = {New York, NY, USA},
 keywords = {PDAs, assistive technology, computer access, corners, edges, gesture recognition, graffiti, handhelds, motor impairments, palm, pebbles, text entry, text input, unistrokes},
} 

@article{speed-accuracy-trade-off,
  title={Speed--accuracy tradeoff in Fitts’ law tasks—on the equivalency of actual and nominal pointing precision},
  author={Zhai, Shumin and Kong, Jing and Ren, Xiangshi},
  journal={International journal of human-computer studies},
  volume={61},
  number={6},
  pages={823--856},
  year={2004},
  publisher={Elsevier}
}

@article{trade-off-in-aim-target,
author = {Plamondon,Réjean and Alimi,Adel M.},
title = {Speed/accuracy trade-offs in target-directed movements},
journal = {Behavioral and Brain Sciences},
volume = {20},
issue = {02},
month = {6},
year = {1997},
issn = {1469-1825},
pages = {279--303},
numpages = {25},
doi = {null},
%URL = {http://journals.cambridge.org/article_S0140525X97001441},
}

@inproceedings{target-size-for-thumb,
 author = {Parhi, Pekka and Karlson, Amy K. and Bederson, Benjamin B.},
 title = {Target Size Study for One-handed Thumb Use on Small Touchscreen Devices},
 booktitle = {Proceedings of the 8th Conference on Human-computer Interaction with Mobile Devices and Services},
 series = {MobileHCI '06},
 year = {2006},
 isbn = {1-59593-390-5},
 location = {Helsinki, Finland},
 pages = {203--210},
 numpages = {8},
 %url = {http://doi.acm.org/10.1145/1152215.1152260},
 doi = {10.1145/1152215.1152260},
 acmid = {1152260},
 publisher = {ACM},
 address = {New York, NY, USA},
 keywords = {key size, keypads, mobile devices, one-handed, touch screens},
} 

@inproceedings{text-entry-for-mobile,
 author = {James, Christina L. and Reischel, Kelly M.},
 title = {Text Input for Mobile Devices: Comparing Model Prediction to Actual Performance},
 booktitle = {Proceedings of the SIGCHI Conference on Human Factors in Computing Systems},
 series = {CHI '01},
 year = {2001},
 isbn = {1-58113-327-8},
 location = {Seattle, Washington, USA},
 pages = {365--371},
 numpages = {7},
 %url = {http://doi.acm.org/10.1145/365024.365300},
 doi = {10.1145/365024.365300},
 acmid = {365300},
 publisher = {ACM},
 address = {New York, NY, USA},
 keywords = {keypad input, mobile phones, mobile systems, performance modeling, text entry},
} 

@inproceedings{wristband-text-entry,
 author = {Funk, Markus and Sahami, Alireza and Henze, Niels and Schmidt, Albrecht},
 title = {Using a Touch-sensitive Wristband for Text Entry on Smart Watches},
 booktitle = {CHI '14 Extended Abstracts on Human Factors in Computing Systems},
 series = {CHI EA '14},
 year = {2014},
 isbn = {978-1-4503-2474-8},
 location = {Toronto, Ontario, Canada},
 pages = {2305--2310},
 numpages = {6},
 %url = {http://doi.acm.org/10.1145/2559206.2581143},
 doi = {10.1145/2559206.2581143},
 acmid = {2581143},
 publisher = {ACM},
 address = {New York, NY, USA},
 keywords = {keyboard, smart watch, text entry, wristband},
} 

@inproceedings{1-line-qwerty,
 author = {Li, Frank Chun Yat and Guy, Richard T. and Yatani, Koji and Truong, Khai N.},
 title = {The 1Line Keyboard: A QWERTY Layout in a Single Line},
 booktitle = {Proceedings of the 24th Annual ACM Symposium on User Interface Software and Technology},
 series = {UIST '11},
 year = {2011},
 isbn = {978-1-4503-0716-1},
 location = {Santa Barbara, California, USA},
 pages = {461--470},
 numpages = {10},
 %url = {http://doi.acm.org/10.1145/2047196.2047257},
 doi = {10.1145/2047196.2047257},
 acmid = {2047257},
 publisher = {ACM},
 address = {New York, NY, USA},
 keywords = {keystroke level model, reduced keyboard, soft keyboard, text entry, word disambiguation},
} 

@inproceedings{opti,
 author = {MacKenzie, I. Scott and Zhang, Shawn X.},
 title = {The Design and Evaluation of a High-performance Soft Keyboard},
 booktitle = {Proceedings of the SIGCHI Conference on Human Factors in Computing Systems},
 series = {CHI '99},
 year = {1999},
 isbn = {0-201-48559-1},
 location = {Pittsburgh, Pennsylvania, USA},
 pages = {25--31},
 numpages = {7},
 %url = {http://doi.acm.org/10.1145/302979.302983},
 doi = {10.1145/302979.302983},
 acmid = {302983},
 publisher = {ACM},
 address = {New York, NY, USA},
 keywords = {Fitts' law, digraph probabilities, linguistic models, mobile systems, pen input, soft keyboards, stylus input},
}

@inproceedings{airwriting-on-wearable,
 author = {Amma, Christoph and Gehrig, Dirk and Schultz, Tanja},
 title = {Airwriting Recognition Using Wearable Motion Sensors},
 booktitle = {Proceedings of the 1st Augmented Human International Conference},
 series = {AH '10},
 year = {2010},
 isbn = {978-1-60558-825-4},
 location = {Meg\&\#232;ve, France},
 pages = {10:1--10:8},
 articleno = {10},
 numpages = {8},
 %url = {http://doi.acm.org/10.1145/1785455.1785465},
 doi = {10.1145/1785455.1785465},
 acmid = {1785465},
 publisher = {ACM},
 address = {New York, NY, USA},
}

@inproceedings{mid-air-gesture,
 author = {Markussen, Anders and Jakobsen, Mikkel R{\o}nne and Hornb{\ae}k, Kasper},
 title = {Vulture: A Mid-air Word-gesture Keyboard},
 %booktitle = {Proceedings of the 32Nd Annual ACM Conference on Human Factors in Computing Systems},
 series = {CHI '14},
 year = {2014},
 isbn = {978-1-4503-2473-1},
 location = {Toronto, Ontario, Canada},
 pages = {1073--1082},
 numpages = {10},
 %url = {http://doi.acm.org/10.1145/2556288.2556964},
 doi = {10.1145/2556288.2556964},
 acmid = {2556964},
 publisher = {ACM},
 address = {New York, NY, USA},
 keywords = {freehand interaction, in-air interaction, mid-air interaction, shape writing, text entry, word-gesture keyboard},
} 

@article{text-entry-theory,
author = { I. Scott   MacKenzie  and  R. William   Soukoreff },
title = {Text Entry for Mobile Computing: Models and Methods,Theory and Practice},
journal = {Human–Computer Interaction},
volume = {17},
number = {2-3},
pages = {147-198},
year = {2002},
doi = {10.1080/07370024.2002.9667313},
%URL = { http://www.tandfonline.com/doi/abs/10.1080/07370024.2002.9667313},
%eprint = { http://www.tandfonline.com/doi/pdf/10.1080/07370024.2002.9667313}

}

@inproceedings{tilt-type,
 author = {Partridge, Kurt and Chatterjee, Saurav and Sazawal, Vibha and Borriello, Gaetano and Want, Roy},
 title = {TiltType: Accelerometer-supported Text Entry for Very Small Devices},
 booktitle = {Proceedings of the 15th Annual ACM Symposium on User Interface Software and Technology},
 series = {UIST '02},
 year = {2002},
 isbn = {1-58113-488-6},
 location = {Paris, France},
 pages = {201--204},
 numpages = {4},
 %url = {http://doi.acm.org/10.1145/571985.572013},
 doi = {10.1145/571985.572013},
 acmid = {572013},
 publisher = {ACM},
 address = {New York, NY, USA},
 keywords = {accelerometer applications, input/output devices, interaction techniques, mobile devices, text entry, wearable computing, wristwatch computers},
} 

@inproceedings{one-hand-chording,
 author = {Lyons, Kent and Starner, Thad and Plaisted, Daniel and Fusia, James and Lyons, Amanda and Drew, Aaron and Looney, E. W.},
 title = {Twiddler Typing: One-handed Chording Text Entry for Mobile Phones},
 booktitle = {Proceedings of the SIGCHI Conference on Human Factors in Computing Systems},
 series = {CHI '04},
 year = {2004},
 isbn = {1-58113-702-8},
 location = {Vienna, Austria},
 pages = {671--678},
 numpages = {8},
 %url = {http://doi.acm.org/10.1145/985692.985777},
 doi = {10.1145/985692.985777},
 acmid = {985777},
 publisher = {ACM},
 address = {New York, NY, USA},
 keywords = {chording, keypad input, mobile phones, multi--tap, text entry},
} 

@inproceedings{voice-input-mobile,
 author = {Vertanen, Keith and Kristensson, Per Ola},
 title = {Parakeet: A Continuous Speech Recognition System for Mobile Touch-screen Devices},
 booktitle = {Proceedings of the 14th International Conference on Intelligent User Interfaces},
 series = {IUI '09},
 year = {2009},
 isbn = {978-1-60558-168-2},
 location = {Sanibel Island, Florida, USA},
 pages = {237--246},
 numpages = {10},
 %url = {http://doi.acm.org/10.1145/1502650.1502685},
 doi = {10.1145/1502650.1502685},
 acmid = {1502685},
 publisher = {ACM},
 address = {New York, NY, USA},
 keywords = {continuous speech recognition, error correction, mobile text entry, predictive keyboard, speech input, text input, touch-screen interface, word confusion network},
} 

@INPROCEEDINGS{android-speech-recognition, 
author={Primorac, S. and Russo, M.}, 
booktitle={MIPRO, 2012 Proceedings of the 35th International Convention}, 
title={Android application for sending SMS messages with speech recognition interface}, 
year={2012}, 
pages={1763-1767}, 
keywords={Internet;electronic messaging;hidden Markov models;mobile computing;operating systems (computers);speech recognition;user interfaces;Android SDK;Android application;Android operating system;Google server;HMM;Internet;SMS messages;hidden Markov models;mobile phone;speech recognition interface;voice SMS;Google;Hidden Markov models;Operating systems;Smart phones;Speech;Speech recognition}, 
month={May},}

@inproceedings{symmetry-for-design,
 author = {Thimbleby, Harold},
 title = {Symmetry for Successful Interactive Systems},
 booktitle = {Proceedings of the SIGCHI-NZ Symposium on Computer-Human Interaction},
 series = {CHINZ '02},
 year = {2002},
 isbn = {0-473-08500-3},
 location = {Hamilton, New Zealand},
 pages = {1--9},
 numpages = {9},
 %url = {http://doi.acm.org/10.1145/2181216.2181217},
 doi = {10.1145/2181216.2181217},
 acmid = {2181217},
 publisher = {ACM},
 address = {New York, NY, USA},
 keywords = {affordance, ambiguity, direct manipulation, illusion, objects, symmetry, user interface design, virtual reality},
} 

@incollection{symmetry-affordance,
year={2001},
isbn={978-3-540-42807-7},
booktitle={Interactive Systems: Design, Specification, and Verification},
volume={2220},
series={Lecture Notes in Computer Science},
editor={Johnson, Chris},
%doi={10.1007/3-540-45522-1_12},
title={Affordance and Symmetry},
%url={http://dx.doi.org/10.1007/3-540-45522-1_12},
publisher={Springer Berlin Heidelberg},
author={Thimbleby, Harold},
pages={199-217},
language={English}
}

@inproceedings{performance-of-soft-button,
 author = {Lee, Seungyon and Zhai, Shumin},
 title = {The Performance of Touch Screen Soft Buttons},
 booktitle = {Proceedings of the SIGCHI Conference on Human Factors in Computing Systems},
 series = {CHI '09},
 year = {2009},
 isbn = {978-1-60558-246-7},
 location = {Boston, MA, USA},
 pages = {309--318},
 numpages = {10},
 %url = {http://doi.acm.org/10.1145/1518701.1518750},
 doi = {10.1145/1518701.1518750},
 acmid = {1518750},
 publisher = {ACM},
 address = {New York, NY, USA},
 keywords = {buttons, feedback, finger, input, keyboard, mobile, stylus, tangible interface, touch screen},
}

@article{abc-not-matter,
  title={Why alphabetic keyboards are not easy to use: Keyboard layout doesn't much matter},
  author={Norman, Donald A and Fisher, Diane},
  journal={Human Factors: The Journal of the Human Factors and Ergonomics Society},
  volume={24},
  number={5},
  pages={509--519},
  year={1982},
  publisher={SAGE Publications}
}

@inproceedings{phrase-set,
 author = {MacKenzie, I. Scott and Soukoreff, R. William},
 title = {Phrase Sets for Evaluating Text Entry Techniques},
 booktitle = {CHI '03 Extended Abstracts on Human Factors in Computing Systems},
 series = {CHI EA '03},
 year = {2003},
 isbn = {1-58113-637-4},
 location = {Ft. Lauderdale, Florida, USA},
 pages = {754--755},
 numpages = {2},
 %url = {http://doi.acm.org/10.1145/765891.765971},
 doi = {10.1145/765891.765971},
 acmid = {765971},
 publisher = {ACM},
 address = {New York, NY, USA},
 keywords = {hand held devices and mobile computing, input and interaction technologies, pen and tactile input},
} 


@Misc{flickkey,
   author =       {FlickKey},
   title =        {FlickKey Keyboard},
   year = {2010-2014},
   note =         {Official Site \url{http://www.flickkey.com}},
   annote=        {}
}

@Misc{messageease,
   author =       {Exideas},
   title =        {MessageEase},
   year = {2015},
   note =         {Official Site \url{https://www.exideas.com/ME/index.php}},
   annote=        {}
}

@Misc{japanese-smartphone-keyboard,
   author =       {Google},
   title =        {Google Japanese Input},
   year = {2015},
   note =         {Official Site \url{https://play.google.com/store/apps/details?id=com.google.android.inputmethod.japanese}},
   annote=        {}
}

@Misc{apple-watch,
   author =       {Apple},
   title =        {Apple Watch},
   year = {2015},
   note =         {Official Site \url{http://www.apple.com/watch/}},
   annote=        {}
}

@Misc{sony-sw3,
   author =       {Sony},
   title =        {SmartWatch 3 SWR50},
   year = {2015},
   note =         {Official Site \url{http://www.sonymobile.com/global-en/products/smartwear/smartwatch-3-swr50/}},
   annote=        {}
}

@Misc{lg-urban,
   author =       {LG},
   title =        {LG WATCH Urban},
   year = {2015},
   note =         {Official Site \url{http://www.lg.com/us/smartwatch/urbane}},
   annote=        {}
}

@Misc{samsung-gear-s,
   author =       {Samsung},
   title =        {Gear S},
   year = {2015},
   note =         {Official Site \url{http://www.samsung.com/tw/consumer/mobile-phones/galaxy-gear/galaxy-gear/SM-R7500ZWABRI}},
   annote=        {}
}

@Misc{pebble-time,
   author =       {Pebble},
   title =        {Pebble Time},
   year = {2015},
   note =         {Official Site \url{https://pebble.com/pebble_time/}},
   annote=        {}
}

@Misc{moto360,
   author =       {Motorola},
   title =        {Moto 360},
   year = {2015},
   note =         {Official Site \url{https://www.motorola.com/us/products/moto-360}},
   annote=        {}
}

@Misc{huawei-watch,
   author =       {Huawei},
   title =        {Huawei Watch},
   year = {2015},
   note =         {Official Site \url{http://consumer.huawei.com/minisite/worldwide/huawei-watch/}},
   annote=        {}
}

% @Misc{psy:gangnam,
%   author =       {Psy},
%   title =        {Gangnam Style},
%   howpublished = {Video},
%   month =        {July},
%   day =          15,
%   year =         2012,
%   note =         {Retrieved August 22, 2014 from
%                   \url{https://www.youtube.com/watch?v=9bZkp7q19f0}},
%   annote =       {Video URL}
% }

% @InBook{winner:politics,
%   author =       {Langdon Winner},
%   title =        {The Social Shaping of Technology},
%   chapter =      {Do artifacts have politics?},
%   publisher =    {Open University Press},
%   year =         1999,
%   address =      {UK},
%   edition =      {2nd},
%   pages =        {28--40},
% }

% @article{kaye:puc,
%   year =         2014,
%   issn =         {1617-4909},
%   journal =      {Personal and Ubiquitous Computing},
%   volume =       18,
%   number =       4,
%   doi =          {10.1007/s00779-014-0773-4},
%   title =        {Special issue on science fiction and ubiquitous
%                   computing},
%   url =          {http://dx.doi.org/10.1007/s00779-014-0773-4},
%   publisher =    {Springer London},
%   author =       {Kaye, Jofish and Dourish, Paul},
%   pages =        {765-766},
%   language =     {English}
% }